<record><leader>00000cas a22000007a 4500</leader><controlfield tag="001">16972871</controlfield><controlfield tag="008">871112d19611993iauwr ne      0    0eng d</controlfield><datafield ind1=" " ind2=" " tag="010"><subfield code="a">sn 87057932 </subfield></datafield><datafield ind1=" " ind2=" " tag="040"><subfield code="a">INP</subfield><subfield code="b">eng</subfield><subfield code="c">INP</subfield><subfield code="d">NSD</subfield><subfield code="d">OCLCQ</subfield></datafield><datafield ind1=" " ind2=" " tag="042"><subfield code="a">msc</subfield></datafield><datafield ind1="0" ind2="0" tag="245"><subfield code="a">Audubon news-advocate.</subfield></datafield><datafield ind1="3" ind2="0" tag="246"><subfield code="a">News-advocate</subfield></datafield><datafield ind1=" " ind2=" " tag="260"><subfield code="a">Audubon, Audubon County, Iowa :</subfield><subfield code="b">P. Bunge,</subfield><subfield code="c">1961-</subfield></datafield><datafield ind1=" " ind2=" " tag="300"><subfield code="a">v.</subfield></datafield><datafield ind1=" " ind2=" " tag="310"><subfield code="a">Weekly</subfield></datafield><datafield ind1="0" ind2=" " tag="362"><subfield code="a">Mar. 16, 1961-Jan. 4, 1962 ; Our 83rd year, no. 2 (Jan. 11, 1962)-</subfield></datafield><datafield ind1="1" ind2=" " tag="362"><subfield code="a">Ceased in 1993.</subfield></datafield><datafield ind1=" " ind2=" " tag="500"><subfield code="a">"Audubon" appears within title ornament, Mar. 16-Nov. 23, 1961.</subfield></datafield><datafield ind1=" " ind2=" " tag="500"><subfield code="a">Publisher varies.</subfield></datafield><datafield ind1=" " ind2=" " tag="515"><subfield code="a">Numbered within the year, Mar. 16, 1961-Jan. 4, 1962.</subfield></datafield><datafield ind1=" " ind2=" " tag="580"><subfield code="a">Merged with: Audubon County journal; to form: Audubon County advocate journal.</subfield></datafield><datafield ind1=" " ind2=" " tag="752"><subfield code="a">United States</subfield><subfield code="b">Iowa</subfield><subfield code="c">Audubon</subfield><subfield code="d">Audubon.</subfield></datafield><datafield ind1="0" ind2="4" tag="780"><subfield code="t">Audubon news-guide</subfield><subfield code="w">(DLC)sn 87057931</subfield></datafield><datafield ind1="0" ind2="4" tag="780"><subfield code="t">Advocate-Republican</subfield><subfield code="w">(DLC)sn 87057930</subfield></datafield><datafield ind1="1" ind2="7" tag="785"><subfield code="t">Audubon County journal</subfield><subfield code="w">(DLC)sn 87057934</subfield><subfield code="w">(OCoLC)16972906</subfield></datafield><datafield ind1="1" ind2="7" tag="785"><subfield code="t">Audubon County advocate journal</subfield><subfield code="x">1071-7854</subfield><subfield code="w">(DLC)sn 93005675</subfield><subfield code="w">(OCoLC)28737032</subfield></datafield></record>